@inproceedings{Ha,
author = {Ha, Tae and Lee, Keunseok and Hwang, John},
year = {2019},
month = {01},
pages = {},
title = {Large-scale design-economics optimization of eVTOL concepts for urban air mobility},
doi = {10.2514/6.2019-1218}
}

@article{traffic,
    author =       "Joshua Emerson Smith",
    title =        "San Diego Countyâ€™s top 10 worst bottlenecks for 2017",
    journal =      "The San Diego Union-Tribune",
    year =         "2017",
    month =         "11",
    DOI =          "https://www.sandiegouniontribune.com/news/transportation/sd-me-10-worst-bottlenecks-20171124-story.html"
}

@inproceedings{inproceedings_2,
author = {Hwang, John and Ning, Andrew},
year = {2018},
month = {01},
pages = {},
title = {Large-scale multidisciplinary optimization of an electric aircraft for on-demand mobility},
doi = {10.2514/6.2018-1384}
}

@book{raymer,
    author    = "Daniel P. Raymer",
    title     = "Aircraft Design: A Conceptual Approach",
    year      = "2004",
    publisher = "American Institute of Aeronautics and Astronautics, Inc.",
    address   = "Washington, D.C."
}

@article{israel,
author = {Gur, Ohad},
year = {2014},
month = {11},
pages = {2035-2038},
title = {Maximum Propeller Efficiency Estimation},
volume = {51},
journal = {Journal of Aircraft},
doi = {10.2514/1.C032557}
}

@book{aero,
author    = "William F. Durand",
title     = "Aerodynamic Theory",
year      = "1935",
publisher = "Springer",
address   = "Berlin",
doi = {10.1007/978-3-642-91487-4}
